@article{Ebejer2012,
    author = {Ebejer, Jean-Paul and Morris, Garrett M. and Deane, Charlotte M.},
    title = {Freely Available Conformer Generation Methods: How Good Are They?},
    journal = {J. Chem. Inf. Model.},
    volume = {52},
    number = {5},
    pages = {1146--1158},
    year = {2012},
    doi = {10.1021/ci2004658},
}